2752 5040
325 310 394 365 m

285 560 288 571 ¹
321 440 560 551 commodam
584 472 748 575 legendi,
786 448 1137 573 docentibus.spem
1160 431 1302 555 certam

320 642 395 743 legi
418 648 529 743 posse
551 640 868 733 abauditaribus,
883 665 996 742 =quae
1010 644 1091 745 ipsi
1115 668 1164 718 ex
1181 649 1301 746 patri-

239 906 242 911 ·
320 813 390 887 bus
412 808 621 898 laudavere,
644 807 871 907 praebentem.
918 808 1172 903 Quamobrem
1187 810 1299 887 scho-

226 1016 229 1021 ·
319 979 367 1053 lis
392 974 614 1051 academicis
636 973 902 1049 collectionem
932 998 1055 1048 meam
1071 1000 1298 1055 accommo-

307 1140 615 1237 .davi,.0rdinem
637 1142 882 1213 materiarum.
898 1160 938 1231 et
959 1149 1139 1243 temporis
1161 1148 1298 1219 seriem

317 1312 480 1402 secutus,
504 1307 611 1381 locos
634 1327 778 1398 tamen,
814 1310 848 1381 si
870 1306 954 1381 fieri
975 1314 1115 1409 potuit,
1144 1314 1296 1409 majoris

316 1476 475 1551 ambitus
500 1492 538 1546 et
560 1493 692 1572 perse
716 1474 823 1573 quasi
846 1472 1038 1549 absolutos
1059 1474 1215 1578 eligent,
1242 1505 1295 1555 ne

316 1645 502 1740 discerpta
525 1638 691 1712 membra
713 1662 794 1713 esse
817 1638 1045 1735 viderentur,
1086 1664 1199 1747 atquo
1226 1672 1293 1721 au-

204 1774 207 1779 ·
264 1840 287 1853 ··
313 1820 438 1885 torum
474 1803 607 1901 stylus,
642 1807 772 1878 aetatis
806 1805 952 1881 indoles
991 1807 1126 1885 melius
1146 1834 1291 1913 .posset

312 1976 502 2073 cognosci.
554 1974 760 2071 Praecipue
789 1974 964 2072 epistolas
992 1975 1291 2077 eligendas-:essa

311 2140 465 2231 credidi,
490 2137 788 2253 quaeabsolutae
812 2158 851 2215 et
872 2139 1069 2242 perfectae,
1092 2144 1290 2220 hominum
1327 2163 1331 2168 '

311 2311 462 2407 ingenia
485 2328 597 2410 atque
618 2305 803 2397 indolem,
840 2318 964 2383 'retum
986 2313 1164 2405 temones,
1181 2334 1288 2389 tem-

266 2460 270 2468 ’
309 2440 574 2575 poris-faciem
598 2478 741 2573 optime
763 2472 982 2563 adumbrate
1005 2476 1144 2551 solent.-
1177 2481 1286 2551 -Huic

233 2676 235 2683 ·
307 2638 494 2717 secundae
516 2641 615 2741 parti
638 2638 764 2738 plures
789 2641 966 2741 Cypriani
990 2642 1164 2741 epistolas
1186 2648 1285 2720 inse.-

308 2758 369 2879 rui
388 2806 446 2879 -de
474 2802 736 2881 'schismatibus
758 2806 988 2883 Felicissimi
1022 2829 1134 2911 atque
1161 2814 1284 2885 Nova·

307 2976 416 3063 tiani,
435 2987 480 3045 »et
504 2968 553 3043 de
566 2964 642 3045 -li-te
666 2973 714 3047 de
737 2971 934 3051 haereticis
949 2973 1177 3074 baptizandis
1192 2980 1282 3049 scti-

169 3160 202 3221 ·‚‚
281 3146 384 3240 -ptas
406 3176 456 3199 -
478 3161 558 3211 non
582 3136 710 3213 solum
739 3140 787 3219 ad
809 3138 1019 3217 historiam
1038 3140 1280 3235 schismatum

53 3282 57 3289 ¹
174 3296 179 3303 ’
304 3295 587 3395 illustrandam,-
601 3306 670 3379 sed
692 3310 918 3408 quia.totius
932 3307 1115 3405 ecclesiae
1132 3309 1278 3402 faciem,

242 3540 246 3549 .
302 3470 424 3571 ‹tualis
448 3489 538 3563 tuac
551 3457 741 3571 ¹temporis
765 3491 860 3566 erat,
874 3472 987 3549 .·be't1a
1009 3475 1215 3576 depingunt
1234 3499 1279 3553 et

300 3637 350 3713 de
372 3640 508 3713 veteris
524 3636 715 3714 ¹ecclesiae
732 3641 922 3733 institutis,
947 3642 1088 3735 ritibus,
1112 3642 1277 3743 moribus

293 3800 455 3903 plutima
478 3803 627 3881 docent.
682 3820 741 3879 -'.·
786 3844 791 3855 .
841 3876 846 3883 .
