2752 5040
183 527 391 643 mentitur,
411 542 455 601 nt-
476 521 595 616 lullat3
619 523 821 617 blanditur,
846 542 888 600 ut
909 543 1058 620 noceat;
1087 528 1154 610 bo·

182 672 232 721 na
256 648 473 746 promittit,
468 663 522 723 ut
545 642 685 718 malum
709 643 862 736 tribuae
901 652 1017 723 vitam
1043 646 1171 749 polli-

183 783 305 855 cetur,
329 782 378 839 ut
399 768 565 866 periurat
613 768 758 838 Lucent
780 790 881 838 nunc
904 792 1054 868 quoque
1076 794 1156 843 ver-

183 885 236 959 ba
255 887 337 981 ejus
360 903 400 959 et
422 908 561 961 venena
583 880 780 965 manifesta
803 898 903 974 'sunt;
928 910 1060 984 pacem
1074 874 1156 986 pol·
1215 902 1220 913 '

185 1004 353 1095 licetur,¹
380 1028 429 1079 ne
449 1005 634 1104 perveniri
657 1005 775 1100 possit
798 1002 845 1076 ad
868 1028 1022 1102 pacem
1060 1005 1157 1079 solu-

189 1143 271 1196 tem
293 1128 489 1221 promittit,
530 1143 579 1194 ne
604 1123 670 1221 qui
699 1117 859 1222 deliquit
881 1126 1003 1196 veniat
1030 1122 1077 1197 ad
1101 1149 1158 1198 sa·

192 1242 328 1331 lutem;
351 1222 556 1316 ecclesiam'
570 1236 736 1337 spondet,
761 1241 908 1339 quando
932 1241 973 1313 id
996 1261 1093 1340 agat,
1115 1262 1159 1318 ut

194 1365 263 1464 qui
285 1360 345 1434 illi
367 1360 502 1449 credit‘,
524 1358 567 1430 in
588 1374 706 1429 totum
728 1355 776 1429 ab
801 1357 959 1433 ecclesia
974 1380 1110 1460 pereat.
1192 1428 1195 1435 .

288 1483 408 1565 Nunc⁴
424 1496 494 1566 est,
534 1474 659 1548 fratres
682 1474 927 1570 dilectissimi,
968 1498 1071 1583 utet
1094 1487 1167 1584 qui

186 1605 316 1719 statis,
348 1595 495 1670 fortiter
515 1599 756 1693 perseveretis
780 1615 818 1668 et
841 1598 1076 1674 stabilitatem
1098 1626 1160 1675 ve·

156 1810 159 1815 Ι
192 1741 305 1797 stram
332 1712 548 1822 gloriosam,
590 1738 702 1815 quam
730 1716 770 1786 in
811 1721 1069 1815 persecutione
1106 1740 1161 1796 te·

191 1828 342 1929 nuistis,
376 1851 555 1934 perpetua
577 1830 750 1906 firmitate
774 1838 939 1926 servetis,
979 1840 1072 1910 etsi
1095 1844 1162 1943 qui

161 1957 507 2059 ¹¹cireu'rureniente
537 1950 743 2025 adversario
772 1950 871 2051 lapsi
898 1958 1000 2047 estis,
1041 1959 1082 2030 in
1106 1982 1162 2032 se·

182 2074 318 2153 'cunda
338 2072 421 2147 ltao
431 2073 636 2145 tentatione
659 2073 740 2171 spei
763 2088 800 2144 et
815 2076 900 2171 paci
917 2088 1056 2148 vestrae
1071 2075 1161 2151 fide·
1247 2104 1249 2111 ’

157 2273 164 2289 „
194 2194 284 2269 lite'r
311 2188 525 2287 considatis,
567 2205 608 2261 et
635 2208 678 2260 ut
706 2190 810 2265 vobis
838 2195 1023 2266 Dominus
1055 2199 1162 2292 igno-

191 2332 288 2405 scat,
329 2338 352 2385 a
386 2304 636 2381 sacerdotibus
665 2311 823 2384 Domini
858 2338 936 2387 non
970 2311 1161 2405 recedatis,
1269 2294 1279 2351 ’-

193 2459 282 2508 cum
303 2434 483 2528 scriptum
503 2420 570 2498 sit:
618 2431 666 2501 Et
688 2427 1051 2536 homo-quicunque·
1064 2431 1162 2508 lece·
1263 2472 1266 2477 ’

144 2578 148 2593 ·
191 2558 242 2626 rit
265 2554 308 2625 in
329 2545 516 2647 superbia,
557 2563 600 2619 ut
631 2573 709 2622 non
739 2549 911 2624 exaudiat
934 2553 1163 2626 sacerdotem
1224 2576 1229 2585 ·

191 2664 700 2769 aut-judicem,'qtticunque
723 2664 899 2744 fueritin
922 2671 1051 2744 diebus
1075 2670 1162 2761 illis,
1277 2742 1280 2747 ,
1330 2648 1338 2656 “

188 2794 374 2878 morietur
393 2785 510 2857 ltomo
534 2780 608 2856 ille.
673 2790 944 2862 persecutionis
968 2791 1072 2862 istius
1095 2815 1163 2863 no·

162 2998 167 3005 .
191 2910 345 2985 tissima
365 2902 459 2981 haec
483 2918 538 2974 est
560 2922 598 2976 et
619 2914 782 2979 extr'ema
805 2910 970 2999 tentatio,
1006 2931 1103 3009 quae
1125 2930 1164 2989 et
1276 2924 1283 2941 ¹

193 3028 394 3128 ipsasseito,
434 3008 601 3125 Domino
625 3043 857 3124 protegente,
899 3027 1086 3119 transibit,
1121 3040 1164 3101 ut
1196 3094 1201 3103 ,
1255 3032 1261 3047 “

144 3230 146 3235 ,
192 3163 447 3248 repraesenter
487 3141 590 3217 vobis
632 3161 716 3243 post
749 3147 907 3244 paschae
942 3145 1043 3221 diem
1077 3172 1164 3221 curn

146 3264 150 3271 ’
192 3267 351 3365 collegis
375 3268 484 3354 meis,
528 3262 662 3364 quibus
685 3262 1164 3364 praesentibus-secundum

144 3450 146 3457 .
181 3385 390 3459 arbitrium
414 3393 564 3487 quoque
581 3402 742 3475 vestrum
760 3401 797 3457 et
814 3389 982 3472 omniunt
998 3402 1165 3457 nostrum

144 3590 147 3595 ¹
191 3526 396 3579 commune
420 3502 634 3593 consilium,
675 3507 773 3576 sicut
795 3504 911 3577 semel
930 3500 1087 3602 placuit,
1122 3528 1167 3578 ea

144 3604 148 3701 l
190 3632 293 3726 quae
315 3625 456 3735 agenda
478 3639 574 3712 sunt,
599 3620 795 3720 disponere
817 3626 964 3721 pariter·
977 3638 1015 3697 et
1036 3623 1167 3696 limare

187 3747 410 3842 poterimus.
458 3744 500 3817 si
522 3743 607 3842 quis
630 3739 756 3813 autent
778 3744 1045 3842 poenitentiam
1059 3750 1168 3840 agere

186 3882 230 3936 et
238 3864 341 3947 -Deo
371 3862 584 3937 satisfacere
612 3858 850 3951 detrectans,
876 3859 923 3934 ad
946 3860 1167 3936 Felicissimi

185 4002 225 4068 et
264 3981 470 4057 satellitum
506 3970 585 4077 ejus
621 3997 743 4079 partes
786 3982 1010 4054 concesserit
1051 3996 1090 4052 et
1127 4002 1170 4053 se
1202 3985 1205 3991 '

179 4100 414 4181 meratitae.
426 4102 581 4177 factioni
607 4102 853 4198 conjunxerit,
876 4102 968 4173 sciat
983 4120 1025 4172 se
1039 4096 1168 4199 postea

144 1544 174 1581 ἦ
