2752 5040
980 349 1038 440 19

59 510 153 587 fidei
182 512 398 589 dimiserant
427 512 616 617 clypeum,
658 536 860 608 resumant,
901 521 967 595 sed
995 543 1038 595 ut

64 620 195 707 contra
217 632 364 707 hostem
387 634 578 709 diabolum
600 636 662 711 vel
679 662 780 711 nunc
798 642 939 728 armati,
963 664 1039 713 aon

63 762 195 841 contra
224 753 437 845 ccclesim
478 780 573 856 quae
603 752 754 828 illorum
789 754 892 829 dolet
933 742 1038 829 casus

63 893 226 953 annatos,
249 880 392 947 essese
416 874 580 947 credant.
640 872 802 945 Multum
826 872 902 945 illis
926 872 1039 973 profi·

62 996 140 1068 ciet
179 994 314 1092 petitio
352 992 536 1083 modesta,
578 991 780 1093 postulatio
819 991 1038 1084 verecunda,

61 1110 259 1184 humilitas
299 1111 520 1202 necessaria,
567 1111 748 1210 patientia
789 1132 868 1182 non
906 1115 1037 1185 otiosa.

64 1232 226 1301 Mittant-
254 1228 391 1327 legatos
425 1254 495 1327 pro
526 1230 600 1300 suis
631 1228 821 1301 doloribus
850 1212 1065 1321 lacrimam¹

61 1346 534 1443 ¹advocationeiungantur
554 1372 599 1420 ex
623 1350 756 1421 intimo
781 1362 933 1447 pectore
954 1334 1038 1449 pro-¹

65 1465 137 1563 lati
160 1468 331 1565 gemitus,
356 1462 518 1538 dolorem
540 1466 739 1565 probantes
759 1462 947 1538 commissi
968 1469 1038 1538 cri·

12 1612 28 1623 ·
69 1590 181 1657 minis
205 1604 242 1656 et
262 1570 460 1683 pudorem.'
506 1586 588 1657 Imo
612 1590 644 1657 si
669 1584 862 1657 dedecoris
887 1584 1039 1665 admissi
1104 1570 1107 1575 ¹

64 1700 357 1803 magnitudinem
391 1700 694 1803 perhorrescunt,
732 1684 781 1775 si¹
800 1702 962 1801 pectoris
1000 1688 1039 1779 et

63 1816 316 1898 conscientiae
336 1846 426 1895 suae
448 1820 625 1894 lethalem
649 1822 795 1922 plagam
827 1840 864 1893 et
894 1824 1037 1895 sinuosi

10 1952 37 1985 '·
62 1940 231 2021 vulneris¹
249 1938 342 2015 altos
355 1964 530 2037 ¹recessus
554 1964 641 2013 vere
666 1940 812 2013 medica
836 1960 947 2013 manu
964 1952 1037 2013 tra·

61 2078 181 2169 etant,
206 2058 424 2133 erubescant
447 2076 485 2132 et
507 2078 651 2159 petere,
676 2048 749 2135 nisi
774 2058 863 2162 quia
886 2056 1036 2153 majoris

10 2220 14 2229 ·
60 2198 119 2253 est
141 2200 288 2253 rursum
315 2198 354 2251 et
382 2179 542 2281 periculi
572 2197 611 2251 et
642 2177 811 2278 pudoris,
854 2176 1037 2251 auxilium

10 2327 12 2333 ·
61 2302 164 2399 pacis
192 2324 273 2372 non
302 2301 463 2397 petiisse.
511 2296 587 2371 sed
609 2297 683 2370 hoc
707 2310 828 2399 toturn
853 2296 893 2368 in
917 2318 1036 2369 sacra-

61 2436 213 2509 mento,·-
229 2406 298 2491 sed
312 2419 500 2518 inipsius
525 2417 786 2516 postulationis
811 2400 910 2516 lege,
942 2428 1037 2489 tem·

61 2542 163 2639 poris
194 2536 297 2612 facto
332 2548 641 2638 temperamento,
684 2534 749 2607 sed
786 2533 1037 2634 postulatione

59 2656 250 2749 demissa,·
268 2652 336 2732 se'tl
358 2680 471 2757 prece
493 2650 655 2746 subdita3
704 2658 882 2756 quoniam
906 2670 945 2725 et
969 2652 1036 2753 qui

58 2779 203 2878 petitur
221 2776 324 2873 flecti
347 2776 472 2865 debet,
502 2800 580 2847 non
604 2772 769 2863 incitari,
795 2787 832 2844 et
856 2768 955 2844 sicut
977 2790 1036 2842 re·
1144 2786 1147 2791 ’

10 2878 16 2963 l
59 2896 169 2997 spici¹
182 2892 291 2971 debet
313 2893 439 2969 divina
466 2892 692 3002 clementia,'
720 2896 775 2964 sic
804 2888 941 2996 respici
972 2884 1037 2961 de·

10 3060 21 3115 f·
58 3014 128 3089 bet
149 3032 187 3089 et
208 3014 529 3101 divisse-censura3
569 3026 608 3085 et
635 3017 735 3086 sicut
758 3013 945 3108 scripturn·
963 3022 1034 3081 ests

10 3126 17 3233 l
57 3135 209 3211 Donavi
230 3134 301 3209 tibi
323 3158 436 3208 omne
459 3127 644 3223 debiturn,
686 3130 775 3234 qnia
803 3150 871 3213 me
887 3122 1035 3226 rogasti,
1119 3210 1123 3219 Ι

57 3258 115 3333 sic
136 3258 323 3355 scriptum
354 3274 425 3327 est:
475 3252 553 3347 Qui
589 3273 651 3325 me
684 3234 873 3351 negaverit
908 3236 1035 3318 corani

56 3372 290 3466 hominibus,
325 3368 468 3474 negabo
499 3387 538 3445 et
566 3394 636 3469 ego
668 3392 754 3443 oum
778 3386 905 3441 coram
929 3375 1035 3461 patre

54 3518 162 3586 meo,
182 3508 235 3585 et
263 3516 390 3567 coram
419 3490 559 3592 angelis
584 3490 674 3587 ejus.
722 3492 826 3562 Dens
850 3480 968 3571 enim,
992 3496 1035 3551 ut
1085 3525 1088 3529 -

52 3630 113 3691 est
141 3612 354 3715 indulgens,
394 3614 447 3689 ita
477 3624 534 3685 est
561 3623 847 3710 praeceptorum
882 3590 1035 3675 suorum

53 3750 230 3827 exactor,
253 3752 292 3811 et
314 3733 468 3839 quidem
492 3724 667 3827 diligens5
691 3738 729 3799 et
752 3723 851 3797 sicut
873 3720 921 3795 ad
944 3740 1035 3794 con·

52 3856 199 3933 rivium
220 3870 338 3945 vocat,
363 3854 416 3928 sic
441 3846 608 3925 habitum
633 3842 847 3943 nuptiarum¹
869 3860 947 3914 non
963 3830 1035 3951 lte·

33 3972 210 4067 ¹lentem
232 3972 356 4076 ligatis
381 3966 550 4047 manibus
582 3982 619 4041 et
643 3960 800 4063 pedibus
825 3976 1033 4039 extrasan-

32 4090 203 4171 'crorum
228 4114 378 4173 coetum
401 4095 499 4169 foras
516 4073 647 4186 'jactas
704 4080 849 4155 Paravit
873 4068 1033 4163 coelum,

571 4266 577 4277 .
616 4208 696 4281 32
1039 4222 1043 4227 '
